<?xml version="1.0" encoding="utf-8"?>
<record xmlns="http://www.loc.gov/MARC21/slim" xmlns:xsi="http://www.w3.org/2001/XMLSchema-instance" xsi:schemaLocation="http://www.loc.gov/MARC21/slim http://www.loc.gov/standards/marcxml/schema/MARC21slim.xsd">
	<leader>     nam a22        4500</leader>
	<controlfield tag="001">3123181</controlfield>
	<controlfield tag="003">NNC</controlfield>
	<controlfield tag="006">m        d        </controlfield>
	<controlfield tag="007">cr cn |||m|||a</controlfield>
	<controlfield tag="008">160519m19281931ua      o     000 0 ara d</controlfield>
	<datafield ind1=" " ind2=" " tag="040">
		<subfield code="a">NNU</subfield>
		<subfield code="b">eng</subfield>
		<subfield code="e">rda</subfield>
		<subfield code="c">NNU</subfield>
	</datafield>
	<datafield ind1="1" ind2=" " tag="100">
		<subfield code="6">880-01</subfield>
		<subfield code="a">Sayyāghī, Ḥusayn ibn Aḥmad.</subfield>
	</datafield>
	<datafield ind1="1" ind2="0" tag="240">
		<subfield code="6">880-02</subfield>
		<subfield code="a">Rawḍ al-naḍīr sharḥ Majmūʻ al-fiqh al-kabīr</subfield>
	</datafield>
	<datafield ind1="1" ind2="0" tag="245">
		<subfield code="6">880-03</subfield>
		<subfield code="a">Kitāb al-Rawḍ al-naḍīr :</subfield>
		<subfield code="b">sharḥ Majmūʻ al-fiqh al-kabīr /</subfield>
		<subfield code="c">taʼlīf Sharaf al-Dīn al-Ḥusayn ibn Aḥmad ibn al-Ḥusayn ibn Aḥmad ibn ʻAlī ibn Muḥammad ibn Sulaymān ibn Ṣāliḥ al-Sayyāghī al-Ḥaymī al-Ṣanʻānī. (al-mutawaffā bi-Sanʻā al-Yaman fī jumādā-al-ūlá sanata 1221 h. ʻan arbaʻīn sanah).</subfield>
	</datafield>
	<datafield ind1=" " ind2=" " tag="260">
		<subfield code="6">880-04</subfield>
		<subfield code="a">Miṣr :</subfield>
		<subfield code="b">Maṭbʻat al-Saʻādah,</subfield>
		<subfield code="c">1347-1349 h. [1928-1931]</subfield>
	</datafield>
	<datafield ind1=" " ind2=" " tag="300">
		<subfield code="a">online resource (4 volumes)</subfield>
	</datafield>
	<datafield ind1=" " ind2=" " tag="336">
		<subfield code="a">text</subfield>
		<subfield code="2">rdacontent</subfield>
	</datafield>
	<datafield ind1=" " ind2=" " tag="337">
		<subfield code="a">computer</subfield>
		<subfield code="2">rdamedia</subfield>
	</datafield>
	<datafield ind1=" " ind2=" " tag="338">
		<subfield code="a">online resource</subfield>
		<subfield code="2">rdacarrier</subfield>
	</datafield>
	<datafield ind1=" " ind2=" " tag="500">
		<subfield code="a">Part of the Arabic Collections Online (ACO) project, contributed by Columbia University Libraries.</subfield>
	</datafield>
	<datafield ind1=" " ind2=" " tag="533">
		<subfield code="a">Electronic reproduction.</subfield>
		<subfield code="b">New York, N.Y. :</subfield>
		<subfield code="c">New York University,</subfield>
		<subfield code="d">2016.</subfield>
		<subfield code="5">NNU</subfield>
	</datafield>
	<datafield ind1=" " ind2="0" tag="650">
		<subfield code="a">Islamic law.</subfield>
	</datafield>
	<datafield ind1=" " ind2="7" tag="650">
		<subfield code="a">Islamic law.</subfield>
		<subfield code="2">fast</subfield>
		<subfield code="0">(OCoLC)fst00979949</subfield>
	</datafield>
	<datafield ind1="0" ind2=" " tag="700">
		<subfield code="6">880-05</subfield>
		<subfield code="a">Abū Ḥanīfah,</subfield>
		<subfield code="d">-767 or 768.</subfield>
	</datafield>
	<datafield ind1="2" ind2=" " tag="710">
		<subfield code="a">Columbia University.</subfield>
		<subfield code="b">Libraries.</subfield>
	</datafield>
	<datafield ind1="0" ind2=" " tag="730">
		<subfield code="a">Arabic Collections Online.</subfield>
	</datafield>
	<datafield ind1="0" ind2="8" tag="776">
		<subfield code="i">Print version:</subfield>
		<subfield code="a">Sayyāghī, Ḥusayn ibn Aḥmad.</subfield>
		<subfield code="t">Kitāb al-Rawḍ al-naḍīr</subfield>
		<subfield code="w">(NNC)3123181</subfield>
		<subfield code="w">(OCoLC)48228778</subfield>
	</datafield>
	<datafield ind1="4" ind2="0" tag="856">
		<subfield code="u">http://hdl.handle.net/2333.1/hx3fffkh</subfield>
	</datafield>
	<datafield ind1="1" ind2=" " tag="880">
		<subfield code="6">100-01/r</subfield>
		<subfield code="a">سياغي، حسين بن احمد.</subfield>
	</datafield>
	<datafield ind1="1" ind2="0" tag="880">
		<subfield code="6">240-02/r</subfield>
		<subfield code="a">روض النضير شرح مجموع الفقه الكبير</subfield>
	</datafield>
	<datafield ind1="1" ind2="0" tag="880">
		<subfield code="6">245-03/r</subfield>
		<subfield code="a">كتاب الروض النضير :</subfield>
		<subfield code="b">شرح مجموع الفقه الكبير /</subfield>
		<subfield code="c">تأليف شرف الدين الحسين بن احمد بن الحسين بن احمد بن علي بن محمد بن سليمان بن صالح السياغي الحيمي الصنعاني. (لمتوفى بصنعاء اليمن في جمادى الاولى سنت 1221 ه. عن اربعين سنه).</subfield>
	</datafield>
	<datafield ind1=" " ind2=" " tag="880">
		<subfield code="6">260-04/r</subfield>
		<subfield code="a">مصر :</subfield>
		<subfield code="b">مطبعة السعادة،</subfield>
		<subfield code="c">1347-1349 ه. [1928-1931]</subfield>
	</datafield>
	<datafield ind1="0" ind2=" " tag="880">
		<subfield code="6">700-05/r</subfield>
		<subfield code="a">ابو حنيفة،</subfield>
		<subfield code="d">-767 or 768.</subfield>
	</datafield>
	<datafield ind1=" " ind2=" " tag="959">
		<subfield code="a">NNU</subfield>
		<subfield code="b">WEB</subfield>
		<subfield code="c">GENI</subfield>
		<subfield code="t">0</subfield>
		<subfield code="m">Electronic access</subfield>
		<subfield code="s">01</subfield>
	</datafield>
	<datafield ind1=" " ind2=" " tag="999">
		<subfield code="i">NNC_3123181</subfield>
		<subfield code="o">(OCoLC)ocm48228778</subfield>
		<subfield code="s">columbia_aco001544:v.1</subfield>
		<subfield code="s">columbia_aco001545:v.2</subfield>
		<subfield code="s">columbia_aco001546:v.3</subfield>
		<subfield code="s">columbia_aco001547:v.4</subfield>
		<subfield code="e">(ERROR-880)</subfield>
		<subfield code="s">columbia_aco001544:v.1</subfield>
		<subfield code="s">columbia_aco001545:v.2</subfield>
		<subfield code="s">columbia_aco001546:v.3</subfield>
		<subfield code="s">columbia_aco001547:v.4</subfield>
	</datafield>
</record>
